<record><leader>00913cam a2200241 a 4500</leader><controlfield tag="001">1347059</controlfield><controlfield tag="008">910104s1985    dcu    f          0 eng c</controlfield><datafield ind1=" " ind2=" " tag="035"><subfield code="a">ocm70308901</subfield></datafield><datafield ind1=" " ind2=" " tag="040"><subfield code="b">eng</subfield></datafield><datafield ind1=" " ind2=" " tag="049"><subfield code="a">AEU</subfield><subfield code="b">eng</subfield></datafield><datafield ind1=" " ind2="4" tag="055"><subfield code="a">LB3013</subfield></datafield><datafield ind1="0" ind2=" " tag="090"><subfield code="a">LB 3013 E12 1985</subfield></datafield><datafield ind1="0" ind2="0" tag="245"><subfield code="a">Early childhood classroom observation /</subfield><subfield code="c">National Academy of Early Childhood Programs.</subfield></datafield><datafield ind1=" " ind2=" " tag="260"><subfield code="a">Washington, D.C. :</subfield><subfield code="b">National Association for the Education of Young Children,</subfield><subfield code="c">1985.</subfield></datafield><datafield ind1=" " ind2=" " tag="300"><subfield code="a">22 p. :</subfield><subfield code="b">ill. ;</subfield><subfield code="c">28 cm.</subfield></datafield><datafield ind1=" " ind2=" " tag="336"><subfield code="a">text</subfield><subfield code="b">txt</subfield><subfield code="2">rdacontent</subfield></datafield><datafield ind1=" " ind2=" " tag="337"><subfield code="a">unmediated</subfield><subfield code="b">n</subfield><subfield code="2">rdamedia</subfield></datafield><datafield ind1=" " ind2=" " tag="338"><subfield code="a">volume</subfield><subfield code="b">nc</subfield><subfield code="2">rdacarrier</subfield></datafield><datafield ind1=" " ind2=" " tag="596"><subfield code="a">38</subfield></datafield><datafield ind1=" " ind2="0" tag="650"><subfield code="a">Observation (Educational method)</subfield></datafield><datafield ind1=" " ind2="0" tag="650"><subfield code="a">Interaction analysis in education.</subfield></datafield><datafield ind1="2" ind2=" " tag="710"><subfield code="a">National Academy of Early Childhood Programs (U.S.)</subfield></datafield><datafield ind1=" " ind2=" " tag="926"><subfield code="a">LB 3013 E12 1985</subfield><subfield code="w">LC</subfield><subfield code="c">1</subfield><subfield code="i">000035662899</subfield><subfield code="d">11/21/2002</subfield><subfield code="l">ON_SHELF</subfield><subfield code="m">UABARD</subfield><subfield code="n">7</subfield><subfield code="p">$150.00</subfield><subfield code="r">Y</subfield><subfield code="s">Y</subfield><subfield code="t">BOOK</subfield><subfield code="u">2/15/1991</subfield><subfield code="o">.STAFF. B0049225</subfield></datafield></record>